% Encoding: UTF-8

@IEEEtranBSTCTL{ctl,
  ctldash_repeated_names = {no},
}

@InProceedings{1,
  author    = {H. Votsi and L.T. Stant and C. Matei and M.J. Salter and C. Li and N.M. Ridler and P.H. Aaen},
  title     = {An Interferometric Characterisation Technique for Extreme Impedance Microwave Devices},
  booktitle = {94th Automatic Radio Frequency Techniques Group (ARFTG) Microwave Measurement Symposium},
  year      = {2020},
  address   = {San Antonio, TX, USA},
  month     = jan,
  journal   = {IEEE Trans. Instrum. Meas.},
}

@InProceedings{2,
  author    = {C. Christou and P. Gu and P.J. Marten and S.A. Pande and A.F. Rankin and D. Spink and L.T. Stant and A. Tropp},
  title     = {Overview of Superconducting {RF} Cavity Reliability at {Diamond Light Source}},
  booktitle = {19th Int. Conf. RF Superconductivity (SRF'19)},
  year      = {2019},
  address   = {Dresden, Germany},
  month     = jun,
}

@Article{3,
  author  = {L.T. Stant and M.J. Salter and N.M. Ridler and D.F. Williams and P.H. Aaen},
  title   = {Propagating Measurement Uncertainty to Microwave Amplifier Nonlinear Behavioral Models},
  journal = {IEEE Trans. Microw. Theory Techn.},
  year    = {2018},
  month   = nov,
}

@InProceedings{4,
  author    = {M.J. Salter and L.T. Stant and K. Buisman and T. Nielsen},
  title     = {An Inter-Laboratory Comparison of {NVNA} Measurements},
  booktitle = {2018 Integrated Nonlinear Microwave and Millimetre-wave Circuits Workshop (INMMiC)},
  year      = {2018},
  address   = {Brive-La-Gaillarde, France},
  month     = jul,
}

@InProceedings{5,
  author    = {L. T. Stant and T. M. Cobb},
  title     = {Leveraging Internet of Things Developments for Rapid Prototyping of Synoptic Displays},
  booktitle = {Proc. 12th International Workshop on Personal Computers and Particle Accelerator Controls (PCaPAC'18)},
  year      = {2018},
  address   = {Hsinchu City, Taiwan},
  month     = nov,
}

@Article{6,
  author    = {L.T. Stant and P.H. Aaen and N.M. Ridler},
  title     = {Evaluating residual errors in waveguide {VNAs} from microwave to submillimetre-wave frequencies},
  journal   = {IET Microwaves Antennas Propag.},
  year      = {2017},
  volume    = {11},
  number    = {3},
  pages     = {324--329},
  month     = feb,
  doi       = {10.1049/iet-map.2016.0455},
  publisher = {Institution of Engineering and Technology ({IET})},
}

@Article{7,
  author    = {L.T. Stant and P.H. Aaen and N.M. Ridler},
  title     = {Comparing methods for evaluating measurement uncertainty given in the {JCGM} `Evaluation of Measurement Data' documents},
  journal   = {Measurement},
  year      = {2016},
  volume    = {94},
  pages     = {847--851},
  month     = dec,
  doi       = {10.1016/j.measurement.2016.08.015},
  publisher = {Elsevier {BV}},
}

@InProceedings{8,
  author    = {L.T. Stant and N.M. Ridler and P.H. Aaen},
  title     = {Evaluating residual errors in waveguide network analysers from microwave to submillimetre-wave frequencies},
  booktitle = {IET Colloquium on Millimetre-Wave and Terahertz Engineering \& Technology 2016},
  year      = {2016},
  month     = mar,
  publisher = {Institution of Engineering and Technology},
  doi       = {10.1049/ic.2016.0016},
}

@Comment{jabref-meta: databaseType:bibtex;}
